<?xml version="1.0" encoding="UTF-8"?><record xmlns="http://www.loc.gov/MARC21/slim" xmlns:cinclude="http://apache.org/cocoon/include/1.0" xmlns:zs="http://www.loc.gov/zing/srw/">
  <leader>00814cz  a2200157n  4500</leader>
  <controlfield tag="001">n  85195519 </controlfield>
  <controlfield tag="003">DLC</controlfield>
  <controlfield tag="005">19891024091352.7</controlfield>
  <controlfield tag="008">850913n| acannaab|          |n ana |||  </controlfield>
  <datafield tag="010" ind1=" " ind2=" ">
    <subfield code="a">n  85195519 </subfield>
  </datafield>
  <datafield tag="040" ind1=" " ind2=" ">
    <subfield code="a">InU</subfield>
    <subfield code="c">DLC</subfield>
    <subfield code="d">DLC</subfield>
  </datafield>
  <datafield tag="130" ind1=" " ind2="0">
    <subfield code="a">English dancing master</subfield>
  </datafield>
  <datafield tag="667" ind1=" " ind2=" ">
    <subfield code="a">Old catalog hdg.: Playford, John, 1623-1686? English dancing master</subfield>
  </datafield>
  <datafield tag="670" ind1=" " ind2=" ">
    <subfield code="a">His The English dancing master, 1650.</subfield>
  </datafield>
  <datafield tag="670" ind1=" " ind2=" ">
    <subfield code="a">Grove, 5th ed., v. 6, p. 826</subfield>
    <subfield code="b">(First published as The English dancing master in 1650; later eds. published to 1728 with title The dancing master; probably Playford's best known publication; a collection of airs for the violin used for country dances, the tunes being the popular ballad and other airs of the period)</subfield>
  </datafield>
  <datafield tag="670" ind1=" " ind2=" ">
    <subfield code="a">LC data base, 8/29/85</subfield>
    <subfield code="b">(hdg.: Playford, John, 1623-1686? English dancing master)</subfield>
  </datafield>
</record>